<?xml version="1.0" encoding="UTF-8"?><record xmlns="http://www.loc.gov/MARC21/slim" xmlns:cinclude="http://apache.org/cocoon/include/1.0" xmlns:zs="http://www.loc.gov/zing/srw/">
  <leader>00399nz  a2200121n  4500</leader>
  <controlfield tag="001">n  99056987 </controlfield>
  <controlfield tag="003">DLC</controlfield>
  <controlfield tag="005">19990813154851.0</controlfield>
  <controlfield tag="008">990809n| acannaabn          |n aaa |||  </controlfield>
  <datafield tag="010" ind1=" " ind2=" ">
    <subfield code="a">n  99056987 </subfield>
  </datafield>
  <datafield tag="040" ind1=" " ind2=" ">
    <subfield code="a">DLC</subfield>
    <subfield code="b">eng</subfield>
    <subfield code="c">DLC</subfield>
  </datafield>
  <datafield tag="100" ind1="1" ind2=" ">
    <subfield code="a">Woodward, Abraham</subfield>
  </datafield>
  <datafield tag="670" ind1=" " ind2=" ">
    <subfield code="a">NUCMC data from Guilford Free Library for Griswold, M.H. An ancient roof-tree ... 1926</subfield>
    <subfield code="b">(Abraham Woodward; early settler of Guilford, Conn.)</subfield>
  </datafield>
</record>